@online{interactionswiki,
    author    = "Wikipedia",
    title     = "Interaction (statistics)",
    date   = {2016-04},
    url       = "https://en.wikipedia.org/wiki/Interaction_(statistics)"
}

@book{tyssedal,
    title={Design of experiments},
    author={John Tyssedal},
    year={2016},
    publisher={NTNU}
}

@book{simar,
    title={Applied Multivariate Statistical Analysis},
    author={Simar HÃ¤rdle},
    isbn= 9783662451700},
    year={2015},
    publisher={Springer}
}

@online{lectures,
    author={Mette Langaas},
    title={TMA4267 Lectures},
    date ={2016-04},
    url="https://wiki.math.ntnu.no/tma4267/2016v/forelesning"
}
@online{frf2,
    author={Ulrike Groemping},
    title={Package FrF2},
    date ={2016-04},
    url="https://cran.r-project.org/web/packages/FrF2/FrF2.pdf"
}